@ARTICLE{Bak:1987jd,
	author = {Bak, P. Chao Tang, and Kurt Weisenfeld},
	title = {{S}elf-organized {C}riticality: an {E}xplanation for 1$/f$ {N}oise},
	journal = {Physical Review Letters},
	year = {1987},
	volume = {59},
	pages = {381-384},
	number = {4},
	month = {July},
	publisher = {}
}

@ARTICLE{Bak:1988jd,
	author = {Per Bak, Chao Tang, and Kurt Weisenfeld},
	title = {{S}elf-organized {C}riticality},
	journal = {Physical Review},
	year = {1988},
	volume = {38},
	pages = {365-374},
	number = {1},
	month = {July},
	publisher = {}
}